%% This BibTeX bibliography file was created using BibDesk.
%% http://bibdesk.sourceforge.net/

%% Created for Yiming Xu at 2019-01-17 23:59:48 -0700 


%% Saved with string encoding Unicode (UTF-8) 


@book{Vershynin_2018,
	doi = {10.1017/9781108231596},
	url = {https://doi.org/10.1017%2F9781108231596},
	year = 2018,
	month = {sep},
	publisher = {Cambridge University Press},
	author = {Roman Vershynin},
	title = {High-Dimensional Probability}
}


@book{lattimore2020bandit,
  title={Bandit algorithms},
  author={Lattimore, Tor and Szepesv{\'a}ri, Csaba},
  year={2020},
  publisher={Cambridge University Press}
}


@article{Peherstorfer_2016,
	doi = {10.1137/15m1046472},
	url = {https://doi.org/10.1137%2F15m1046472},
	year = 2016,
	month = {jan},
	publisher = {Society for Industrial {\&} Applied Mathematics ({SIAM})},
	volume = {38},
	number = {5},
	pages = {A3163--A3194},
	author = {Benjamin Peherstorfer and Karen Willcox and Max Gunzburger},
	title = {Optimal Model Management for Multifidelity Monte Carlo Estimation},
	journal = {{SIAM} Journal on Scientific Computing}
}

@article{auer2002finite,
  title={Finite-time analysis of the multiarmed bandit problem},
  author={Auer, Peter and Cesa-Bianchi, Nicolo and Fischer, Paul},
  journal={Machine learning},
  volume={47},
  number={2-3},
  pages={235--256},
  year={2002},
  publisher={Springer}
}


@article{holm1979simple,
  title={A simple sequentially rejective multiple test procedure},
  author={Holm, Sture},
  journal={Scandinavian journal of statistics},
  pages={65--70},
  year={1979},
  publisher={JSTOR}
}



@article{Benjamini_1995,
	doi = {10.1111/j.2517-6161.1995.tb02031.x},
	url = {https://doi.org/10.1111%2Fj.2517-6161.1995.tb02031.x},
	year = 1995,
	month = {jan},
	publisher = {Wiley},
	volume = {57},
	number = {1},
	pages = {289--300},
	author = {Yoav Benjamini and Yosef Hochberg},
	title = {Controlling the False Discovery Rate: A Practical and Powerful Approach to Multiple Testing},
	journal = {Journal of the Royal Statistical Society: Series B (Methodological)}
}


@article{Tropp_2011,
	doi = {10.1007/s10208-011-9099-z},
	url = {https://doi.org/10.1007%2Fs10208-011-9099-z},
	year = 2011,
	month = {aug},
	publisher = {Springer Science and Business Media {LLC}},
	volume = {12},
	number = {4},
	pages = {389--434},
	author = {Joel A. Tropp},
	title = {User-Friendly Tail Bounds for Sums of Random Matrices},
	journal = {Foundations of Computational Mathematics}
}

